

@Book{Haken_wolf_II,
author = { H. Haken and H.C. Wolf},
title = {Molekülphysik und Quantenchemie},
publisher = {Springer},
year = {2003}
}


@Book{Haken_wolf_I,
author = { H. Haken and H.C. Wolf},
title = {Atom- und Quantenphysik},
publisher = {Springer},
year = {2001}
}


@Book{bransden_joachain,
author = { B. H. Bransden and C. J. Joachain},
title = {Physics of atoms and molecules},
publisher = {Longman},
year = {1996}
}


@Book{Loudon,
author = { Rodney Loudon},
title = {The quantum theory of light},
publisher = {Oxford University Press},
year = {2001}
}

@Book{CT,
author = { Claude Cohen-Tannoudji and Bernard Diu and Franck Laloë },
title = {Quantum Mechanics},
publisher = {Wiley},
year = {1977}
}

@book{Kuzmany,
author={Kuzmany, Hans},
title={Solid-state spectroscopy},
subtitle={An introduction},
edition={Second edition},
address={Heidelberg},
publisher={Springer},
year={2009},
}

@book{Nolting-ED,
author = {Nolting, Wolfgang},
title = {{Theoretical Physics 3 Electrodynamics}},
publisher = {Springer},
year = {2016},
isbn = {9783319401676},
doi = {10.1007/978-3-319-40168-3}
}

@book{Jackson-ED,
isbn={9780471427643},
author={Jackson, John David},
title={Classical electrodynamics},
edition={3. ed.},
address={New York [u.a.]},
publisher={Wiley},
year={1999}
}

@book{Demtroeder_laser,
author={Demtröder, Wolfgang},
title={Laser spectroscopy 1},
address={Berlin [u.a.]},
publisher={Springer},
year = {2014},
doi = {10.1007/978-3-642-53859-9}
}




@book{Demtröder_AMP,
isbn={9783662555217},
isbn={3662555212},
author={Demtröder, Wolfgang},
title={Atoms, molecules and photons},
subtitle={an introduction to atomic-, molecular- and quantum physics},
edition={Third edition},
address={Berlin},
publisher={Springer},
year={2018},
doi = {10.1007/978-3-662-55523-1}
}

@book{Demtröder_ep3,
isbn={9783662490945},
author={Demtröder, Wolfgang},
title={Experimentalphysik},
subtitle={Atome, Moleküle und Festkörper},
volume={3},
edition={5., neu bearbeitete und aktualisierte Auflage},
address={Berlin [u.a.]},
publisher={Springer},
year={2016},
doi={10.1007/978-3-662-49094-5},
}

@book{Demtröder_ep2,
isbn={9783662557907},
author={Demtröder, Wolfgang},
title={Experimentalphysik},
subtitle={Elektrizität und Optik},
volume={2},
   edition={7., korrigierte und erweiterte Auflage},
address={Berlin [u.a.]},
publisher={Springer},
year={2017},
doi={10.1007/978-3-662-55790-7},
}


@book{Demtröder_molekuelphysik,
isbn={9783486706789},
isbn={9783486714890},
author={Demtröder, Wolfgang},
title={Molekülphysik},
subtitle={theoretische Grundlagen und experimentelle Methoden},
edition={2., überarb. und erw. Aufl.},
address={München},
publisher={Oldenbourg},
year={2013},
pages={XVI, 487 S.},
doi={10.1524/9783486714890}
}

@book{Atkins,
isbn={9780198769866},
author={Atkins, Peter W.},
title={Atkins' physical chemistry},
edition={Eleventh edition},
address={Oxford},
publisher={Oxford University Press},
year={2018},
}

@book{McQuarrie2008,
isbn={9781891389504},
author={McQuarrie, Donald A.},
title={Quantum chemistry},
edition={2. ed.},
address={Sausalito, Calif.},
publisher={Univ. Science Books},
year={2008},
pages={XIII, 690 S.},
}



@book{Nolting-QM,
isbn={978-3-540-26035-6},
isbn={9783540260356},
issn={0937-7433},
issn={09377433},
author={Nolting, Wolfgang},
title={Grundkurs Theoretische Physik 5/2: Quantenmechanik - Methoden und Anwendungen},
address={Berlin, Heidelberg},
publisher={Springer Berlin Heidelberg},
year={2006},
series={Springer-Lehrbuch},
doi = {10.1007/978-3-540-47616-0}
}



@book{Butz2011,
isbn={9783834882950},
author={Butz, Tilman},
title={Fouriertransformation für Fußgänger},
publisher={Springer},
year={2011},
doi={10.1007/978-3-8348-8295-0},
}


@book{Knight_physics,
   author={Knight, Randall Dewey},
   title={Physics for scientists and engineers},
   publisher={Pearson},
   year={2023},
   edition={Fifth edition},
   ISBN={9781292438269},
   url={https://elibrary.pearson.de/book/99.150005/9781292438269 }
}


@book{Haliday_Resnick,
   author={Halliday, David},
   editor={Resnick, Robert and Walker, Jearl and Koch, Stephan W.},
   title={Halliday Physik f{\"u}r natur- und ingenieurwissenschaftliche Studieng{\"a}nge},
   address={Weinheim},
   publisher={Wiley-VCH},
   year={2020},
   ISBN={9783527822645 - 9783527822669},
   url={https://search.ebscohost.com/login.aspx?direct=true&scope=site&db=nlebk&db=nlabk&AN=2271232}
}

 

@article{QM100,
   author={Max Tegmark and John Archibald Wheeler},
   title={100 Jahre Quantentheorie},
   journal = {Spektrum der Wissenschaft},
   year={2001},
  url = {https://www.spektrum.de/magazin/100-jahre-quantentheorie/827483}
}

@article{QM_einstein,
   author={David Z. Albert and Rivka Galchen},
   title={Bedroht die Quantenverschränkung Einsteins Theorie?},
   journal = {Spektrum der Wissenschaft},
   year={2009},
  url = {https://www.spektrum.de/magazin/bedroht-diequantenverschraenkung-einsteins-theorie/1002937}
}


@article{WT_dualismus,
   author={Berthold-Georg Englert and Marlan O. Scully and Herbert Walther},
   title={Komplementarität und Welle-Teilchen-Dualismus},
   journal = {Spektrum der Wissenschaft},
   year={1995},
  url = {https://www.spektrum.de/magazin/komplementaritaet-und-welle-teilchen-dualismus/822095}
}


@article{Einstein05_licht,
author = {Einstein, A.},
title = {Über einen die Erzeugung und Verwandlung des Lichtes betreffenden heuristischen Gesichtspunkt},
journal = {Annalen der Physik},
volume = {322},
number = {6},
pages = {132-148},
doi = {https://doi.org/10.1002/andp.19053220607},
year = {1905}
}


@article{Einstein05_waerme,
author = {Einstein, A.},
title = {Über die von der molekularkinetischen Theorie der Wärme geforderte Bewegung von in ruhenden Flüssigkeiten suspendierten Teilchen},
journal = {Annalen der Physik},
volume = {322},
number = {8},
pages = {549-560},
doi = {https://doi.org/10.1002/andp.19053220806},
year = {1905}
}


@article{Einstein05_ED,
author = {Einstein, A.},
title = {Zur Elektrodynamik bewegter Körper},
journal = {Annalen der Physik},
volume = {322},
number = {10},
pages = {891-921},
doi = {https://doi.org/10.1002/andp.19053221004},
year = {1905}
}

@article{Einstein05_energie,
author = {Einstein, A.},
title = {Ist die Trägheit eines Körpers von seinem Energieinhalt abhängig?},
journal = {Annalen der Physik},
volume = {323},
number = {13},
pages = {639-641},
doi = {https://doi.org/10.1002/andp.19053231314},
year = {1905}
}



@article{heise_quantenradiere,
author = {Alderamin},
title = {Quantenradieren wider den Zeitstrom},
url = {https://www.heise.de/hintergrund/Quantenradieren-wider-den-Zeitstrom-Teil-1-Unergruendliche-Wege-der-Photonen-9939467.html},
year = {2024}
}

@article{heise_quantenradierer,
author = {Alderamin},
title = {Quantenradieren wider den Zeitstrom},
url = {https://www.heise.de/hintergrund/Quantenradieren-wider-den-Zeitstrom-Teil-1-Unergruendliche-Wege-der-Photonen-9939467.html},
year = {2024},
journal = {heise.de}
}


@article{Hossenfelder_quantenradierer,
author = {Hossenfelder, Sabine},
title = {The Delayed Choice Quantum Eraser, Debunked},
journal = {Youtube},
url = {https://www.youtube.com/watch?v=RQv5CVELG3U},
year = {2022}
}

@Article{Davisson27,
author = {Davisson, Clinton and Germer, Lester H}, 
title = {Diffraction of electrons by a crystal of nickel}, 
journal = {Physical review}, 
volume = {30}, 
number = {6}, 
pages = {705}, 
year = {1927}, 
doi = {10.1103/PhysRev.30.705}
}
